@article{Muthukrishnan:2005:DSA:1166409.1166410,
  author = {Muthukrishnan, S.},
  title = {Data Streams: Algorithms and Applications},
  journal = {Found. Trends Theor. Comput. Sci.},
  issue_date = {August 2005},
  volume = {1},
  number = {2},
  month = aug,
  year = {2005},
  issn = {1551-305X},
  pages = {117--236},
  numpages = {120},
  url = {http://dx.doi.org/10.1561/0400000002},
  doi = {10.1561/0400000002},
  acmid = {1166410},
  publisher = {Now Publishers Inc.},
  address = {Hanover, MA, USA},
}
