@book{akansu2001multiresolution,
  title={Multiresolution signal decomposition: transforms, subbands, and wavelets},
  author={Akansu, Ali N and Haddad, Richard A},
  year={2001},
  publisher={Academic Press}
}
