@inproceedings{acharya1999join,
  title={Join synopses for approximate query answering},
  author={Acharya, Swarup and Gibbons, Phillip B and Poosala, Viswanath and Ramaswamy, Sridhar},
  booktitle={ACM SIGMOD Record},
  volume={28},
  number={2},
  pages={275--286},
  year={1999},
  organization={ACM}
}

@inproceedings{charikar2002finding,
  title={Finding frequent items in data streams},
  author={Charikar, Moses and Chen, Kevin and Farach-Colton, Martin},
  booktitle={International Colloquium on Automata, Languages, and Programming},
  pages={693--703},
  year={2002},
  organization={Springer}
}

@inproceedings{alon1996space,
  title={The space complexity of approximating the frequency moments},
  author={Alon, Noga and Matias, Yossi and Szegedy, Mario},
  booktitle={Proceedings of the twenty-eighth annual ACM symposium on Theory of computing},
  pages={20--29},
  year={1996},
  organization={ACM}
}

@inproceedings{flajolet2007hyperloglog,
  title={Hyperloglog: the analysis of a near-optimal cardinality estimation algorithm},
  author={Flajolet, Philippe and Fusy, {\'E}ric and Gandouet, Olivier and Meunier, Fr{\'e}d{\'e}ric},
  booktitle={Analysis of Algorithms 2007 (AofA07)},
  pages={127--146},
  year={2007}
}

@inproceedings{indyk2005optimal,
  title={Optimal approximations of the frequency moments of data streams},
  author={Indyk, Piotr and Woodruff, David},
  booktitle={Proceedings of the thirty-seventh annual ACM symposium on Theory of computing},
  pages={202--208},
  year={2005},
  organization={ACM}
}

@inproceedings{durand2003loglog,
  title={Loglog counting of large cardinalities},
  author={Durand, Marianne and Flajolet, Philippe},
  booktitle={European Symposium on Algorithms},
  pages={605--617},
  year={2003},
  organization={Springer}
}

@inproceedings{kane2010optimal,
  title={An optimal algorithm for the distinct elements problem},
  author={Kane, Daniel M and Nelson, Jelani and Woodruff, David P},
  booktitle={Proceedings of the twenty-ninth ACM SIGMOD-SIGACT-SIGART symposium on Principles of database systems},
  pages={41--52},
  year={2010},
  organization={ACM}
}

@inproceedings{indyk1998approximate,
  title={Approximate nearest neighbors: towards removing the curse of dimensionality},
  author={Indyk, Piotr and Motwani, Rajeev},
  booktitle={Proceedings of the thirtieth annual ACM symposium on Theory of computing},
  pages={604--613},
  year={1998},
  organization={ACM}
}

@inproceedings{agarwal2013blinkdb,
  title={BlinkDB: queries with bounded errors and bounded response times on very large data},
  author={Agarwal, Sameer and Mozafari, Barzan and Panda, Aurojit and Milner, Henry and Madden, Samuel and Stoica, Ion},
  booktitle={Proceedings of the 8th ACM European Conference on Computer Systems},
  pages={29--42},
  year={2013},
  organization={ACM}
}

@inproceedings{heule2013hyperloglog,
  title={HyperLogLog in practice: algorithmic engineering of a state of the art cardinality estimation algorithm},
  author={Heule, Stefan and Nunkesser, Marc and Hall, Alexander},
  booktitle={Proceedings of the 16th International Conference on Extending Database Technology},
  pages={683--692},
  year={2013},
  organization={ACM}
}

@inproceedings{ahn2012analyzing,
  title={Analyzing graph structure via linear measurements},
  author={Ahn, Kook Jin and Guha, Sudipto and McGregor, Andrew},
  booktitle={Proceedings of the twenty-third annual ACM-SIAM symposium on Discrete Algorithms},
  pages={459--467},
  year={2012},
  organization={Society for Industrial and Applied Mathematics}
}

@inproceedings{ahn2012graph,
  title={Graph sketches: sparsification, spanners, and subgraphs},
  author={Ahn, Kook Jin and Guha, Sudipto and McGregor, Andrew},
  booktitle={Proceedings of the 31st ACM SIGMOD-SIGACT-SIGAI symposium on Principles of Database Systems},
  pages={5--14},
  year={2012},
  organization={ACM}
}

@inproceedings{elkin2007streaming,
  title={Streaming and fully dynamic centralized algorithms for constructing and maintaining sparse spanners},
  author={Elkin, Michael},
  booktitle={International Colloquium on Automata, Languages, and Programming},
  pages={716--727},
  year={2007},
  organization={Springer}
}

@inproceedings{jowhari2011tight,
  title={Tight bounds for lp samplers, finding duplicates in streams, and related problems},
  author={Jowhari, Hossein and Sa{\u{g}}lam, Mert and Tardos, G{\'a}bor},
  booktitle={Proceedings of the thirtieth ACM SIGMOD-SIGACT-SIGART symposium on Principles of database systems},
  pages={49--58},
  year={2011},
  organization={ACM}
}
