@article{aspnes2014notes,
  title={Notes on Randomized Algorithms CPSC 469/569},
  author={Aspnes, James},
  year={Fall 2016}
}

@article{chawla2004chernoff,
  title={Notes on Randomized Algorithms: Chernoff Bounds},
  author={Chawla, Shuchi},
  month = {October},
  year={2004}
}

@article{bigdata2015jelani,
  title={Algorithms for Big Data},
  author={Nelson, Jelani},
  year={Fall 2015}
}
