@misc{wiki:big_data,
  author        = {Wikipedia},
  title         = {{Big Data}},
  note          = {\url{https://es.wikipedia.org/wiki/Big_data}},
}

@misc{uva:tfg-teaching-guide,
  title         = {{Trabajo de Fin de Grado (Mención en Computación)}},
  year          = {2016/17},
  publisher     = {E.T.S. Ingeniería Informática de la Universidad de valladolid},
  note          = {\url{https://www.inf.uva.es/wp-content/uploads/2016/06/G46978.pdf}},
}

@misc{garciparedes:tfg-big-data-algorithms,
  author        = {García Prado, Sergio},
  title         = {{Trabajo de Fin de Grado: Algoritmos para Big Data}},
  year          = 2017,
  note          = {\url{https://github.com/garciparedes/tfg-big-data-algorithms}},
}
