@article{estadistica2016notes,
  author={San José Nieto, Luis Augusto and Suárez Barrio, Araceli},
  title={Grado en Ingeniería Informática: Estadística},
  publisher={Universidad de Valladolid},
  year={2016}
}
