@MISC{snapnets:p2p-Gnutella08,
  author       = "Jure Leskovec and Andrej Krevl",
  title        = "{SNAP Datasets}: {Stanford} Large Network Dataset Collection: p2p-Gnutella08",
  howpublished = "\url{http://snap.stanford.edu/data/p2p-Gnutella08.html}",
  month        = "jun",
  year         = "2014"
}
