@misc{sparksets:followers,
  author       = "Apache Spark Developers",
  title        = "{Apache Spark Datasets}: followers",
  howpublished = "\url{https://github.com/apache/spark/blob/master/data/graphx/followers.txt}",
  month        = jun,
  year         = 2017
}
